@misc{ marcio:jogos,
	author = {Marcio Mine},
	title = {Programação de jogos de competições esportivas},
	howpublished = "\url{http://www.decom.ufop.br/prof/marcone/projects/ttp/Publications/RT_FAPEMIG_Mine_2006.pdf}",
	note = "[Acesso em: 07-Outubro-2018]"
}

@misc{ urrutia:heuristics,
	author = {Celso Ribeiro and Sebastiáan Urrutia},
	title = {Heuristics for the Mirrored Traveling Tournament Problem},
	howpublished = "\url{https://pdfs.semanticscholar.org/89c1/3241f875a17238d5300ab42435aa6c0fbf66.pdf}",
	note = "[Acesso em: 08-Outubro-2018]"
}

@misc{ ttp:solving,
	author = {Kelly Easton and George Nemhauser and Michael Trick},
	title = {Solving the Traveling Tournament Problem},
	howpublished = "\url{https://mat.gsia.cmu.edu/TOURN/ttp_ipcp.pdf}",
	note = "[Acesso em: 09-Outubro-2018]"
}

@misc{ ttp:instances,
	author = {Michael Trick},
	title = {Challenge Traveling Tournament Instances},
	howpublished = "\url{https://mat.gsia.cmu.edu/TOURN/}",
	note = "[Acesso em: 09-Outubro-2018]"
}

@misc{ ttp:qav,
	author = {Andreia Verdélio},
	title = {Aéreas pedem mais transparência no preço do querosene de aviação},
	howpublished = "\url{http://agenciabrasil.ebc.com.br/economia/noticia/2018-09/aereas-pedem-mais-transparencia-no-preco-do-querosene-de-aviacao}",
	note = "[Acesso em: 10-Outubro-2018]"
}

@misc{ ttp:rendimento,
	author = {Lito},
	title = {Quantos quilômetros um Boeing 777 faz com um litro de combustível?},
	howpublished = "\url{http://www.avioesemusicas.com/quantos-quilometros-um-boeing-777-faz-com-um-litro-de-combustivel-pergunta.html}",
	note = "[Acesso em: 10-Outubro-2018]"
}

@misc{ ttp:Shaw,
	author = {Shaw, P.},
	title = {Using constraint programming and local search methods to solve vehicle
routing problems. In CP-98 (Fourth International Conference on Principles
and Practice of Constraint Programming)},
}
